@online{
	test,
	title="This is a test",
    author="Test"
}